%%% ====================================================================
%%%  BibTeX-file{
%%%     author          = "Gerry Murray",
%%%     version         = "1.2",
%%%     date            = "2 April 2012",
%%%     filename        = "acmsmall-sample-bibfile.bib",
%%%     address         = "ACM, NY",
%%%     email           = "murray at hq.acm.org",
%%%     codetable       = "ISO/ASCII",
%%%     keywords        = "ACM Reference Format, bibliography, citation, references",
%%%     supported       = "yes",
%%%     docstring       = "This BibTeX database file contains 'bibdata' entries
%%%                        that 'match' the examples provided in the Specifications Document
%%%                        AND, also, 'legacy'-type bibs. It should assist authors in 
%%%                        choosing the 'correct' at-bibtype and necessary bib-fields
%%%                        so as to obtain the appropriate ACM Reference Format output. 
%%%			   It also contains many 'Standard Abbreviations'. "
%%%  }
%%% ====================================================================

%Entries

@Article{westerlund2015performance,
  title={Performance analysis of GPU-accelerated filter-based source finding for HI spectral line image data},
  author={Westerlund, Stefan and Harris, Christopher},
  journal={Experimental Astronomy},
  volume={39},
  number={1},
  pages={95--117},
  year={2015},
  publisher={Springer}
}

@Article{westerlund2014framework,
  title={A Framework for HI Spectral Source Finding Using Distributed-Memory Supercomputing},
  author={Westerlund, Stefan and Harris, Christopher},
  journal={Publications of the Astronomical Society of Australia},
  volume={31},
  pages={e023},
  year={2014},
  publisher={Cambridge Univ Press}
}

@Article{popping2012comparison,
  title={Comparison of potential ASKAP HI survey source finders},
  author={Popping, Attila and Jurek, Russell and Westmeier, Tobias and Serra, Paolo and Fl{\"o}er, L and Meyer, Martin and Koribalski, Baerbel},
  journal={Publications of the Astronomical Society of Australia},
  volume={29},
  number={03},
  pages={318--339},
  year={2012},
  publisher={Cambridge Univ Press}
}

@Article{whiting2012duchamp,
  title={duchamp: a 3D source finder for spectral-line data},
  author={Whiting, Matthew T},
  journal={Monthly Notices of the Royal Astronomical Society},
  volume={421},
  number={4},
  pages={3242--3256},
  year={2012},
  publisher={Oxford University Press}
}

@Article{jurek2012characterised,
  title={The Characterised Noise Hi source finder: Detecting Hi galaxies using a novel implementation of matched filtering},
  author={Jurek, Russell},
  journal={Publications of the Astronomical Society of Australia},
  volume={29},
  number={3},
  pages={251--261},
  year={2012},
  publisher={CSIRO}
}

@Article{jones2002gamma,
  title={The gamma test},
  author={Jones, Antonia J and Evans, Dafydd and Margetts, Steve and Durrant, Peter J},
  journal={Heuristic and Optimization for Knowledge Discovery},
  pages={142--168},
  year={2002},
  publisher={Idea Group Inc (IGI)}
}

@phdthesis{boyce2003gammafinder,
  title={GammaFinder: a java application to find galaxies in astronomical spectral line data cubes},
  author={Boyce, Peter James},
  year={2003},
  school={Citeseer}
}

@article{floer20122d,
  title={2d--1d wavelet reconstruction as a tool for source finding in spectroscopic imaging surveys},
  author={Fl{\"o}er, Lars and Winkel, Benjamin},
  journal={Publications of the Astronomical Society of Australia},
  volume={29},
  number={3},
  pages={244--250},
  year={2012},
  publisher={CSIRO}
}

@mastersthesis{scottBadenhorst,
  title={Acceleration of the noise suppression component of the DUCHAMP source-finder},
  author={Scott James Badenhorst},
  year={2014},
  school={University of Cape Town}
}

@article{whiting2012source,
  title={Source-finding for the australian square kilometre array pathfinder},
  author={Whiting, Matthew and Humphreys, Ben},
  journal={Publications of the Astronomical Society of Australia},
  volume={29},
  number={3},
  pages={371--381},
  year={2012},
  publisher={CSIRO}
}

@article{allison2011application,
  title={Application of a Bayesian method to absorption spectral-line finding in simulated ASKAP data},
  author={Allison, JR and Sadler, EM and Whiting, MT},
  journal={Publications of the Astronomical Society of Australia},
  volume={29},
  number={3},
  pages={221--228},
  year={2011},
  publisher={CSIRO}
}

@article{hancock2012compact,
  title={Compact continuum source finding for next generation radio surveys},
  author={Hancock, Paul J and Murphy, Tara and Gaensler, Bryan M and Hopkins, Andrew and Curran, James R},
  journal={Monthly Notices of the Royal Astronomical Society},
  volume={422},
  number={2},
  pages={1812--1824},
  year={2012},
  publisher={Oxford University Press}
}

@article{rau2009advances,
  title={Advances in calibration and imaging techniques in radio interferometry},
  author={Rau, Urvashi and Bhatnagar, Sanjay and Voronkov, Maxim A and Cornwell, Tim J},
  journal={arXiv preprint arXiv:0902.0817},
  year={2009}
}

@article{serra2015sofia,
  title={SoFiA: a flexible source finder for 3D spectral line data},
  author={Serra, Paolo and Westmeier, Tobias and Giese, Nadine and Jurek, Russell and Fl{\"o}er, Lars and Popping, Attila and Winkel, Benjamin and van der Hulst, Thijs and Meyer, Martin and Koribalski, B{\"a}rbel S and others},
  journal={arXiv preprint arXiv:1501.03906},
  year={2015}
}

@article{koribalski2012source,
  title={Source Finding and Visualisation},
  author={Koribalski, B{\"a}rbel S},
  journal={Publications of the Astronomical Society of Australia},
  volume={29},
  number={3},
  pages={213--213},
  year={2012},
  publisher={CSIRO}
}

@article{williams1994determining,
  title={Determining structure in molecular clouds},
  author={Williams, Jonathan P and De Geus, Eugene J and Blitz, Leo},
  journal={The Astrophysical Journal},
  volume={428},
  pages={693--712},
  year={1994}
}

@article{hales2012blobcat,
  title={BLOBCAT: software to catalogue flood-filled blobs in radio images of total intensity and linear polarization},
  author={Hales, Christopher A and Murphy, Tara and Curran, James R and Middelberg, Enno and Gaensler, Bryan M and Norris, Ray P},
  journal={Monthly Notices of the Royal Astronomical Society},
  volume={425},
  number={2},
  pages={979--996},
  year={2012},
  publisher={Oxford University Press}
}

@article{serra2012atlas3d,
  title={The ATLAS3D project--XIII. Mass and morphology of H i in early-type galaxies as a function of environment},
  author={Serra, Paolo and Oosterloo, Tom and Morganti, Raffaella and Alatalo, Katherine and Blitz, Leo and Bois, Maxime and Bournaud, Fr{\'e}d{\'e}ric and Bureau, Martin and Cappellari, Michele and Crocker, Alison F and others},
  journal={Monthly Notices of the Royal Astronomical Society},
  volume={422},
  number={3},
  pages={1835--1862},
  year={2012},
  publisher={Oxford University Press}
}

@article{lutz1980algorithm,
  title={An algorithm for the real time analysis of digitised images},
  author={Lutz, RK},
  journal={The Computer Journal},
  volume={23},
  number={3},
  pages={262--269},
  year={1980},
  publisher={Br Computer Soc}
}

@inproceedings{sung2014place,
  title={In-place transposition of rectangular matrices on accelerators},
  author={Sung, I-Jui and G{\'o}mez-Luna, Juan and Gonz{\'a}lez-Linares, Jos{\'e} Mar{\'\i}a and Guil, Nicol{\'a}s and Hwu, Wen-Mei W},
  booktitle={Proceedings of the 19th ACM SIGPLAN symposium on Principles and practice of parallel programming},
  pages={207--218},
  year={2014},
  organization={ACM}
}

@inproceedings{mahesri2008tradeoffs,
  title={Tradeoffs in designing accelerator architectures for visual computing},
  author={Mahesri, Aqeel and Johnson, Daniel and Crago, Neal and Patel, Sanjay J},
  booktitle={Proceedings of the 41st annual IEEE/ACM International Symposium on Microarchitecture},
  pages={164--175},
  year={2008},
  organization={IEEE Computer Society}
}

# not yet used

@article{kendall1979advanced,
  title={The Advanced Theory of Statisticsâ€”Volume 2 Inference and Relation-ship, (London: Charles Griffin)},
  author={Kendall, M and Stuart, A},
  journal={Kendall4The Advanced Theory of Statistics},
  volume={2},
  year={1979}
}

@inproceedings{kuiper1960tests,
  title={Tests concerning random points on a circle},
  author={Kuiper, Nicolaas H},
  booktitle={Indagationes Mathematicae (Proceedings)},
  volume={63},
  pages={38--47},
  year={1960},
  organization={Elsevier}
}

@article{westmeier2012basic,
  title={Basic testing of the duchamp source finder},
  author={Westmeier, Tobias and Popping, Attila and Serra, Paolo},
  journal={Publications of the Astronomical Society of Australia},
  volume={29},
  number={3},
  pages={276--295},
  year={2012},
  publisher={CSIRO}
}
